@book{Bazanella2011,
    title={Data-driven controller design: the H2 approach},
    author={Bazanella, Alexandre Sanfelice and Campestrini, Lucíola and Eckhard, Diego},
    year={2011},
    address={Dordrecht, Países Baixos},
    publisher={Springer},
    isbn={978-94-007-2299-6},
}

@book{Bazanella2005,
    title={Sistemas de controle: princípios e métodos de projeto},
    author={Bazanella, Alexandre Sanfelice and da Silva Jr, João Manoel Gomes},
    year={2005},
    address={Porto Alegre, Brasil},
    publisher={Editora da UFRGS},
    isbn={978-85-7025-849-6},
}

@book{Ogata2010,
    title={Engenharia de controle moderno},
    author={Katsuhiko Ogata},
    year={2010},
    address={São Paulo, Brasil},
    publisher={Prentice Hall},
    edition={5},
    isbn={978-85-7605-810-6},
}

@book{Astrom2011,
    title={Computer-controlled systems: theory and design},
    author={Åström, Karl J. and Wittenmark, Björn},
    year={2011},
    address={Mineola, Estados Unidos da América},
    publisher={Dover},
    edition={3},
    isbn={978-0-486-48613-0},
}

@book{Chen1999,
    title={Linear system theory and design},
    author={Chi-Tsong Chen},
    year={1999},
    address={Nova Iorque, Estados Unidos da América},
    publisher={Oxford University Press},
    edition={3},
    isbn={0-19-511777-8},
}

@book{Dorf2011,
    title={Modern control systems},
    author={Richard C. Dorf and Robert H. Bishop},
    year={2011},
    address={Upper Saddle River, Estados Unidos da América},
    publisher={Prentice Hall},
    edition={12},
    isbn={978-0-13-602458-3}
}

@book{Haykin2001,
    title={Sinais e sistemas},
    author={Simon Haykin and Barry D. {Van Veen}},
    year={2001},
    address={Porto Alegre, Brasil},
    publisher={Bookman},
    isbn={978-85-7307-741-4}
}

@book{Kreyszig2014,
    title={Matemática superior para engenharia},
    author={Erwin Kreyszig},
    year={2014},
    address={Rio de Janeiro, Brasil},
    publisher={LTC},
    volume={2},
    edition={9},
    isbn={978-85-216-1644-3},
}

@book{Rashid2011,
    title={Power electronics handbook: devices, circuits, and applications},
    author={Rashid, Muhammad H.},
    year={2011},
    address={Burlington, Estados Unidos da América},
    publisher={Elsevier},
    edition={3},
    isbn={978-0-12-382036-5},
}

@book{Sadiku2013,
    title={Fundamentos de circuitos elétricos},
    author={Charles K. Alexander and Matthew N. O. Sadiku},
    year={2013},
    address={Porto Alegre, Brasil},
    publisher={AMGH},
    edition={5},
    isbn={978-85-8055-172-3},
}

@thesis{Flores2012,
    title={Projeto de controladores para o seguimento de referências periódicas em sistemas com atuadores saturantes},
    author={Flores, Jeferson Vieira},
    year={2012},
    institution={Universidade Federal do Rio Grande do Sul},
    address={Porto Alegre, Brasil},
    %urldate={2021-03-26},
    url={http://hdl.handle.net/10183/55440},
    note={Tese de Doutorado em Engenharia Elétrica com ênfase em Controle e Automação},
}

@thesis{Lorenzini2019,
    title={Método generalizado da oscilação forçada para sintonia de controladores proporcional-integral-derivativo e proporcional-múltiplos-ressonantes},
    author={Lorenzini, Charles},
    year={2019},
    institution={Universidade Federal do Rio Grande do Sul},
    address={Porto Alegre, Brasil},
    %urldate={2021-02-26},
    url={http://hdl.handle.net/10183/204400},
    note={Tese de Doutorado em Engenharia Elétrica com ênfase em Controle e Automação},
}

@thesis{Lorenzini2015,
    title={Desenvolvimento de um controlador ressonante-repetitivo aplicado a fontes de energia},
    author={Lorenzini, Charles},
    year={2015},
    institution={Universidade Federal do Rio Grande do Sul},
    address={Porto Alegre, Brasil},
    %urldate={2021-02-26},
    url={http://hdl.handle.net/10183/132640},
    note={Dissertação de Mestrado em Engenharia Elétrica com ênfase em Controle e Automação},
}

@thesis{Lorenzini2013,
    title={Controladores ressonantes-repetitivos em sistemas ininterruptos de energia},
    author={Lorenzini, Charles},
    year={2013},
    institution={Universidade Federal do Rio Grande do Sul},
    address={Porto Alegre, Brasil},
    %urldate={2021-02-26},
    url={http://hdl.handle.net/10183/96215},
    note={Trabalho de Conclusão de Graduação em Engenharia Elétrica},
}

@thesis{Schildt2014,
    title={Síntese de controladores ressonantes baseado em dados aplicado a fontes ininterruptas de energia},
    author={Schildt, Alessandro Nakoneczny},
    year={2014},
    institution={Universidade Federal do Rio Grande do Sul},
    address={Porto Alegre, Brasil},
    %urldate={2021-02-20},
    url={http://hdl.handle.net/10183/109164},
    note={Dissertação de Mestrado em Engenharia Elétrica com ênfase em Controle e Automação}
}

@thesis{Bertoldi2019,
    title={Controlador múltiplo-ressonante de ganho finito aplicado a fontes ininterruptas de energia},
    author={Bertoldi, Rodrigo},
    year={2019},
    institution={Universidade Federal do Rio Grande do Sul},
    address={Porto Alegre, Brasil},
    %urldate={2021-02-17},
    url={http://hdl.handle.net/10183/195723},
    note={Dissertação de Mestrado em Engenharia Elétrica com ênfase em Controle e Automação}
}

@thesis{Keiel2017,
    title={Projeto em tempo discreto de controladores ressonantes aplicados a fontes ininterruptas de energia},
    author={Keiel, Guilherme},
    year={2017},
    institution={Universidade Federal do Rio Grande do Sul},
    address={Porto Alegre, Brasil},
    %urldate={2021-02-17},
    url={http://hdl.handle.net/10183/157861},
    note={Dissertação de Mestrado em Engenharia Elétrica com ênfase em Controle e Automação},
}

@thesis{Corleta2015,
    title={Ajuste de controladores para UPS pelo método VRFT}, 
    author={Corleta, André von Eye}, 
    year={2015},
    institution={Universidade Federal do Rio Grande do Sul},
    address={Porto Alegre, Brasil},
    %urldate={2021-02-11},
    url={http://hdl.handle.net/10183/135014},
    note={Trabalho de Conclusão de Graduação em Engenharia Elétrica},
}

@thesis{Bruna2020,
    title={Aplicação do método VRFT na sintonia de controladores para fontes ininterruptas de energia}, 
    author={Ramos, Bruna Mary}, 
    year={2020},
    institution={Universidade Federal do Rio Grande do Sul},
    address={Porto Alegre, Brasil},
    %urldate={2021-02-11},
    url={http://hdl.handle.net/10183/217360},
    note={Trabalho de Conclusão de Graduação em Engenharia de Controle e Automação},
}

@thesis{Diniz2015,
    title={Validação experimental do método alternativo para o controlador ressonante aplicado em nobreak}, 
    author={Diniz Junior, Walter Ferreira}, 
    year={2015},
    institution={Universidade Federal do Rio Grande do Sul},
    address={Porto Alegre, Brasil},
    %urldate={2021-03-27},
    url={http://hdl.handle.net/10183/127657},
    note={Trabalho de Conclusão de Graduação em Engenharia Elétrica},
}

@article{Chrystian2020,
   title={Virtual reference feedback tuning applied to cascade control},
   author={Chrystian L. Remes and Ricardo E. Binz and Jeferson V. Flores and Lucíola Campestrini},
   year={2020},
   %month={December},
   journal={IET Control Theory \& Applications},
   %ISSN = {1751-8644},
   %issue={20},   
   number={20},   
   volume={14},
   %pages={3738-3746(8)},
   pages={3738-3746},
   publisher={Institution of Engineering {and} Technology},
   %copyright={© The Institution of Engineering and Technology},
   %url={https://digital-library.theiet.org/content/journals/10.1049/iet-cta.2020.0620},
   doi={10.1049/iet-cta.2020.0620},
}

@inproceedings{Campi2000,
    title={Virtual reference feedback tuning (VRFT): a new direct approach to the design of feedback controllers}, 
    author={M. C. {Campi} and A. {Lecchini} and S. M. {Savaresi}},
    year={2000},
    booktitle={Proceedings of the 39th IEEE Conference on Decision and Control}, 
    pages={623-629},
    address={Sydney, Australia},
    %urldate={2021-02-20},
    %url={https://ieeexplore.ieee.org/document/912835},
    doi={10.1109/CDC.2000.912835},
    publisher={IEEE} %?
}

% Review
@inproceedings{Corleta2016,
    title={Data-driven control design applied to uninterruptible power supplies},
    author={Corleta, André von Eye and Lorenzini, Charles and Flores, Jeferson Vieira and Campestrini, Lucíola},
    year={2016},
    booktitle={2016 IEEE Conference on Control Applications (CCA)},
    pages={1312-1317},
    address={Buenos Aires, Argentina},
    %urldate={2021-02-11},
    %url={https://ieeexplore.ieee.org/document/7587988},
    doi={10.1109/CCA.2016.7587988},
    publisher={IEEE} %?
}

@inproceedings{Lecchini2001,
    title={Virtual reference feedback tuning for two degree of freedom controllers},
    author={A. {Lecchini} and M. C. {Campi} and S. M. {Savaresi}},
    year={2001},
    booktitle={2001 European Control Conference (ECC)},
    %volume={},
    %number={},
    pages={2416-2421},
    address={Porto, Portugal},
    doi={10.23919/ECC.2001.7076288},
    publisher={IEEE}, %?
}

@article{Abdel1996,
  author={N. M. {Abdel-Rahim} and J. E. {Quaicoe}},
  journal={IEEE Transactions on Power Electronics}, 
  title={Analysis and design of a multiple feedback loop control strategy for single-phase voltage-source UPS inverters}, 
  year={1996},
  volume={11},
  number={4},
  pages={532-541},
  doi={10.1109/63.506118}
}

@inproceedings{Pereira2009,
    title={Robust PSC control design for sinusoidal tracking in uninterruptible power supplies},
    author={L. F. A. {Pereira} and G. {Bonan} and G. {Thomaz} and D. F. {Coutinho}},
    year={2009},
    booktitle={2009 Brazilian Power Electronics Conference},
    pages={389-396},
    %volume={},
    %number={},
    doi={10.1109/COBEP.2009.5347752}
}

% Review
@article{Teodorescu2006,
    title={Proportional-resonant controllers and filters for grid-connected voltage-source converters},
    author={R. Teodorescu and F. Blaabjerg and Marco Liserre and P. C. Loh},
    year={2006},
    journal={IEE Proceedings - Electric Power Applications},
    volume={153},
    number={5},
    pages={750–762},
    address={Londres, Inglaterra},
    %urldate={2021-03-21},
    %url={https://digital-library.theiet.org/content/journals/10.1049/ip-epa_20060008},
    doi={10.1049/ip-epa:20060008},
    publisher={IEE} %?
}

% Review
@article{Pereira2014,
    title={Multiple Resonant Controllers for Uninterruptible Power Supplies --— A Systematic Robust Control Design Approach},
    author={Pereira, Luís Fernando Alves and Flores, Jeferson Vieira and Bonan, Guilherme and Coutinho, Daniel Ferreira and da Silva Jr, João Manoel Gomes},
    year={2014},
    journal={IEEE Transactions on Industrial Electronics},
    volume={61},
    number={3},
    pages={1528-1538},
    %address={},
    %urldate={2021-02-16},
    %url={https://ieeexplore.ieee.org/document/6507601},
    doi={10.1109/TIE.2013.2259781},
}

@article{Keiel2019,
    title={Affine discretization methods for the digital resonant control of uninterruptible power supplies},
    author={Keiel, Guilherme and Flores, Jeferson Vieira and Lorenzini, Charles and Pereira, Luís Fernando Alves and Salton, Aurélio Tergolina},
    year={2019},
    journal={Journal of the Franklin Institute},
    volume={356},
    number={15},
    pages={8646-8664},
    %address={},
    %urldate = {2021-02-17},
    %url={https://www.sciencedirect.com/science/article/pii/S0016003219306118},
    doi={10.1016/j.jfranklin.2019.08.037},
}

@article{Campestrini2016,
    title={Unbiased MIMO VRFT with application to process control},
    author={Lucíola Campestrini and Diego Eckhard and Lydia Andrea Chía and Emerson Boeira},
    year={2016},
    journal={Journal of Process Control},
    volume={39},
    pages={35-49},
    %address={},
    %issn={0959-1524},
    %urldate={2021-02-20},
    %url={https://www.sciencedirect.com/science/article/pii/S0959152415002449},
    doi={10.1016/j.jprocont.2015.12.010},
}

@article{Utkin1993,
    title={Sliding mode control design principles and applications to electric drives}, 
    author={V. I. {Utkin}},
    year={1993},
    journal={IEEE Transactions on Industrial Electronics}, 
    volume={40},
    number={1},
    pages={23-36},
    %address={},
    %urldate={2021-03-21},
    %url={https://ieeexplore.ieee.org/document/184818},
    doi={10.1109/41.184818}
}

@article{Jung1996,
    title={Discrete sliding-mode control of a PWM inverter for sinusoidal output waveform synthesis with optimal sliding curve}, 
    author={Shih-Liang {Jung} and  Ying-Yu {Tzou}},
    year={1996},
    journal={IEEE Transactions on Power Electronics}, 
    volume={11},
    number={4},
    pages={567-577},
    %address={},
    %urldate={2021-03-21},
    %url={https://ieeexplore.ieee.org/document/506122},
    doi={10.1109/63.506122}
}

@article{Park2003,
    title={A new single-phase five-level PWM inverter employing a deadbeat control scheme}, 
    author={Sung-Jun {Park} and  Feel-Soon {Kang} and  Man Hyung {Lee} and  Cheul-U {Kim}},
    year={2003},
    journal={IEEE Transactions on Power Electronics}, 
    volume={18},
    number={3},
    pages={831-843},
    %address={},
    %urldate={2021-03-21},
    %url={https://ieeexplore.ieee.org/document/1198062},
    doi={10.1109/TPEL.2003.810837}
}

@article{Timbus2009,
    title={Evaluation of Current Controllers for Distributed Power Generation Systems}, 
    author={A. {Timbus} and M. {Liserre} and R. {Teodorescu} and P. {Rodriguez} and F. {Blaabjerg}},
    year={2009},
    journal={IEEE Transactions on Power Electronics}, 
    volume={24},
    number={3},
    pages={654-664},
    %address={},
    %urldate={2021-03-21},
    %url={https://ieeexplore.ieee.org/document/4801680},
    doi={10.1109/TPEL.2009.2012527}
}

@article{Willmann2007,
    title={Multiple-Loop H-Infinity Control Design for Uninterruptible Power Supplies}, 
    author={G. {Willmann} and D. F. {Coutinho} and L. F. A. {Pereira} and F. B. {Libano}},
    year={2007},
    journal={IEEE Transactions on Industrial Electronics}, 
    volume={54},
    number={3},
    pages={1591-1602},
    %address={},
    %urldate={2021-03-21},
    %url={https://ieeexplore.ieee.org/document/4167763},
    doi={10.1109/TIE.2007.894721}
}

@article{Loh2003,
    title={A comparative analysis of multiloop voltage regulation strategies for single and three-phase UPS systems}, 
    author={Poh Chiang {Loh} and M. J. {Newman} and D. N. {Zmood} and D. G. {Holmes}},
    year={2003},
    journal={IEEE Transactions on Power Electronics}, 
    volume={18},
    number={5},
    pages={1176-1185},
    %address={},
    %urldate={2021-03-21},
    %url={https://ieeexplore.ieee.org/document/1224474},
    doi={10.1109/TPEL.2003.816199}
}

@article{Liserre2006,
    title={Multiple harmonics control for three-phase grid converter systems with the use of PI-RES current controller in a rotating frame}, 
    author={M. {Liserre} and R. {Teodorescu} and F. {Blaabjerg}},
    year={2006},
    journal={IEEE Transactions on Power Electronics}, 
    volume={21},
    number={3},
    pages={836-841},
    %address={},
    %urldate={2021-03-21},
    %url={https://ieeexplore.ieee.org/document/1629027},
    doi={10.1109/TPEL.2006.875566}
}

@article{Escobar2007,
    title={Repetitive-Based Controller for a UPS Inverter to Compensate Unbalance and Harmonic Distortion}, 
    author={G. {Escobar} and A. A. {Valdez} and J. {Leyva-Ramos} and P. {Mattavelli}},
    year={2007},
    journal={IEEE Transactions on Industrial Electronics}, 
    volume={54},
    number={1},
    pages={504-510},
    %address={},
    %urldate={2021-03-21},
    %url={https://ieeexplore.ieee.org/document/1629027},
    doi={10.1109/TIE.2006.888803}
}

% @article{Inoue1981,
%     title = {High Accuracy Control of a Proton Synchrotron Magnet Power Supply},
%     author = {T. Inoue and M. Nakano and T. Kubo and S. Matsumoto and H. Baba},
%     year = {1981},
%     journal = {IFAC Proceedings Volumes},
%     volume = {14},
%     number = {2},
%     pages = {3137-3142},
%     %note = {8th IFAC World Congress on Control Science and Technology for the Progress of Society,     Kyoto, Japan, 24-28 August 1981},
%     %issn = {1474-6670},
%     address={Quioto, Japão},
%     %urldate={2021-03-27},
%     %url = {https://www.sciencedirect.com/science/article/pii/S1474667017639387},
%     doi = {10.1016/S1474-6670(17)63938-7},
% }

@INPROCEEDINGS{Finn1993,
    title={A high performance inverter technology, architecture and applications}, 
    author={S. D. {Finn}},
    booktitle={Proceedings Eighth Annual Applied Power Electronics Conference and Exposition}, 
    year={1993},
    volume={},
    number={},
    pages={556-560},
    address={San Diego, Estados Unidos da América},
    publisher={IEEE},
    doi={10.1109/APEC.1993.290718},
}

@ARTICLE{Ryan1997,
    author={M. J. {Ryan} and W. E. {Brumsickle} and R. D. {Lorenz}},
    title={Control topology options for single-phase UPS inverters}, 
    journal={IEEE Transactions on Industry Applications}, 
    year={1997},
    volume={33},
    number={2},
    pages={493-501},
    doi={10.1109/28.568015},
}

% Review
@techreport{IEC62040-3:2011,
    title={Uninterruptible power systems (UPS) - Part 3: Method of specifying the performance and test requirements},
    %author={{ISO/IEC 62040-3:2011}},
    author={{ISO/IEC 62040-3}},
    institution={International Organization for Standardization},
    address={Genebra, Suíça},
    year={2011},
}

@techreport{PRODIST,
    title={Procedimentos de Distribuição de Energia Elétrica no Sistema Elétrico Nacional - PRODIST -- Módulo 8 - Qualidade da Energia Elétrica},
    %author={{ANEEL PRODIST}},
    author={ANEEL},
    institution={Agência Nacional de Energia Elétrica},
    address={Brasília, Brasil},
    year={2018},
    %note={Módulo 8 -– Qualidade da Energia Elétrica}
}

@misc{Li2019,
    title={ME 8281: Advanced Control Systems Design - Course Notes},
    author={Perry Y. Li},
    publisher={University of Minnesota},
    address={Mineápolis, Estados Unidos da América},
    year={2019},
    urldate={2021-03-13},
    url={https://canvas.umn.edu/courses/99398/pages/course-notes?module_item_id=2060411},
}

%@book{khalil2002nonlinear,
%  title={Nonlinear systems},
%  author={Khalil, Hassan K and Grizzle, Jessy W},
%  volume={3},
%  year={2002},
%  publisher={Prentice hall Upper Saddle River, NJ}
%}
%
%
%@article{formentin2011virtual,
%  title={Virtual reference feedback tuning for linear parameter-varying systems},
%  author={Formentin, Simone and Savaresi, Sergio M},
%  journal={IFAC Proceedings Volumes},
%  volume={44},
%  number={1},
%  pages={10219--10224},
%  year={2011},
%  publisher={Elsevier}
%}
%
%@article{campestrini2017data,
%  title={Data-driven model reference control design by prediction error identification},
%  author={Campestrini, Luc{\'\i}ola and Eckhard, Diego and Bazanella, Alexandre Sanfelice and Gevers, Michel},
%  journal={Journal of the Franklin Institute},
%  volume={354},
%  number={6},
%  pages={2628--2647},
%  year={2017},
%  publisher={Elsevier}
%}
%
%
%@book{ogata2002modern,
%  title={Modern control engineering},
%  author={Ogata, Katsuhiko and Yang, Yanjuan},
%  volume={4},
%  year={2002},
%  publisher={Prentice hall}
%}
